<?xml version="1.0" encoding="UTF-8"?><record xmlns="http://www.loc.gov/MARC21/slim" xmlns:cinclude="http://apache.org/cocoon/include/1.0" xmlns:zs="http://www.loc.gov/zing/srw/">
  <leader>00604nz  a2200145n  4500</leader>
  <controlfield tag="001">n 2009014858</controlfield>
  <controlfield tag="003">DLC</controlfield>
  <controlfield tag="005">20090311081601.0</controlfield>
  <controlfield tag="008">090310n| acannaabn          |a ana      </controlfield>
  <datafield tag="010" ind1=" " ind2=" ">
    <subfield code="a">n 2009014858</subfield>
  </datafield>
  <datafield tag="040" ind1=" " ind2=" ">
    <subfield code="a">DLC</subfield>
    <subfield code="b">eng</subfield>
    <subfield code="c">DLC</subfield>
  </datafield>
  <datafield tag="110" ind1="2" ind2=" ">
    <subfield code="a">GI-Fachgruppe EMISA</subfield>
  </datafield>
  <datafield tag="410" ind1="2" ind2=" ">
    <subfield code="a">Gesellschaft fuĚr Informatik.</subfield>
    <subfield code="b">GI-Fachgruppe EMISA</subfield>
  </datafield>
  <datafield tag="410" ind1="2" ind2=" ">
    <subfield code="a">GI-Fachgruppe Entwicklungsmethoden und Informationssysteme und deren Anwendung</subfield>
  </datafield>
  <datafield tag="670" ind1=" " ind2=" ">
    <subfield code="a">Informationssysteme im E-Business und E-Government, 2004:</subfield>
    <subfield code="b">t.p. (GI-Fachgruppe EMISA (Entwicklungsmethoden und Informationssysteme und deren Anwendung)) p. 3 (founded 25 years ago)</subfield>
  </datafield>
</record>